@article{haboudane,
  title={Hyperspectral vegetation indices and novel algorithms for predicting green LAI of crop canopies: Modeling and validation in the context of precision agriculture},
  author={Haboudane, Driss and Miller, John R and Pattey, Elizabeth and Zarco-Tejada, Pablo J and Strachan, Ian B},
  journal={Remote sensing of environment},
  volume={90},
  number={3},
  pages={337--352},
  year={2004},
  publisher={Elsevier}
}

@article{he,
  title={Unexpected evergreen expansion in the Siberian forest under warming hiatus},
  author={He, Yongli and Huang, Jianping and Shugart, Herman Henry and Guan, Xiaodan and Wang, Bin and Yu, Kailiang},
  journal={Journal of Climate},
  number={2017},
  year={2017}
}

@article{winkler,
  title={Identifying Droughts Affecting Agriculture in Africa Based on Remote Sensing Time Series between 2000--2016: Rainfall Anomalies and Vegetation Condition in the Context of ENSO},
  author={Winkler, Karina and Gessner, Ursula and Hochschild, Volker},
  journal={Remote Sensing},
  volume={9},
  number={8},
  pages={831},
  year={2017},
  publisher={Multidisciplinary Digital Publishing Institute}
}

@article{keith,
  title={Remote sensing of selected water-quality indicators with the hyperspectral imager for the coastal ocean (HICO) sensor},
  author={Keith, Darryl J and Schaeffer, Blake A and Lunetta, Ross S and Gould Jr, Richard W and Rocha, Kenneth and Cobb, Donald J},
  journal={International journal of remote sensing},
  volume={35},
  number={9},
  pages={2927--2962},
  year={2014},
  publisher={Taylor \& Francis}
}

@article{dariane,
  title={Investigating spatiotemporal snow cover variability via cloud-free MODIS snow cover product in Central Alborz Region},
  author={Dariane, Alireza B and Khoramian, Amin and Santi, Emanuele},
  journal={Remote Sensing of Environment},
  year={2017},
  publisher={Elsevier}
}

@article{zhuo,
  title={Distribution of winter-spring snow over the Tibetan Plateau and its relationship with summer precipitation in Yangtze River},
  author={Ga, Zhuo and Chen, Tao and Ba, La and CiRen, PuBu and Sang, Ba},
  year={2017},
  publisher={Sciences in Cold and Arid Regions}
}

@book{marshak,
  title={3D radiative transfer in cloudy atmospheres},
  author={Marshak, Alexander and Davis, Anthony},
  year={2005},
  publisher={Springer Science \& Business Media}
}

@misc{clouds_high,
  title = {Clouds get high on climate change},
  author={Witze, Alexandra},
  year={2016},
  howpublished = {\url{https://www.nature.com/news/clouds-get-high-on-climate-change-1.20230}},
  note = {Accessed: 2018-01-19}
}

@article{lelli,
  title={Linear trends in cloud top height from passive observations in the oxygen A-band},
  author={Lelli, L and Kokhanovsky, AA and Rozanov, VV and Vountas, M and Burrows, JP},
  journal={Atmospheric Chemistry and Physics},
  volume={14},
  number={11},
  pages={5679--5692},
  year={2014},
  publisher={Copernicus GmbH}
}

@misc{clouds_soon,
  title = { Is climate changing cloud heights? Too soon to say},
  author={Rasmussen, Carlo},
  year={2017},
  howpublished = {\url{https://climate.nasa.gov/news/2585/is-climate-changing-cloud-heights-too-soon-to-say}},
  note = {Accessed: 2018-01-19}
}

@misc{sentinel5p,
title = {Sentinel-5P technical guide - sentinel online_2018},
url={https://sentinel.esa.int/web/sentinel/technical-guides/sentinel-5p/level-2/aerosol-layer-height},
journal={Sentinel.esa.int},
year={2018}
}

@misc{tropomi,
title={Tropomi Level 2 Products},
author={Royal Netherlands Meteorological Institute},
url={http://www.tropomi.eu/data-products/level-2-products},
journal={Tropomi},
year={2017}}

@misc{principles,
title = {principles of remote sensing},
author = {centre for remote imaging, sensing and processing},
url={https://crisp.nus.edu.sg/~research/tutorial/eo1.htm},
journal={Crisp.nus.edu.sg},
year={2018}}

@article{diner,
  title={Multi-angle Imaging SpectroRadiometer (MISR) instrument description and experiment overview},
  author={Diner, David J and Beckert, Jewel C and Reilly, Terrence H and Bruegge, Carol J and Conel, James E and Kahn, Ralph A and Martonchik, John V and Ackerman, Thomas P and Davies, Roger and Gerstl, Siegfried AW and others},
  journal={IEEE Transactions on Geoscience and Remote Sensing},
  volume={36},
  number={4},
  pages={1072--1087},
  year={1998},
  publisher={IEEE}
}

@article{modis,
  title={The Moderate Resolution Imaging Spectroradiometer (MODIS): Land remote sensing for global change research},
  author={Justice, Christopher O and Vermote, Eric and Townshend, John RG and Defries, Ruth and Roy, David P and Hall, Dorothy K and Salomonson, Vincent V and Privette, Jeffrey L and Riggs, George and Strahler, Alan and others},
  journal={IEEE Transactions on Geoscience and Remote Sensing},
  volume={36},
  number={4},
  pages={1228--1249},
  year={1998},
  publisher={IEEE}
}

@article{viirs,
  title={Land and cryosphere products from Suomi NPP VIIRS: Overview and status},
  author={Justice, Christopher O and Rom{\'a}n, Miguel O and Csiszar, Ivan and Vermote, Eric F and Wolfe, Robert E and Hook, Simon J and Friedl, Mark and Wang, Zhuosen and Schaaf, Crystal B and Miura, Tomoaki and others},
  journal={Journal of Geophysical Research: Atmospheres},
  volume={118},
  number={17},
  pages={9753--9765},
  year={2013},
  publisher={Wiley Online Library}
}

@book{viirs_book,
  title={Visible infrared imager radiometer suite: A new operational cloud imager},
  author={Hutchison, Keith D and Cracknell, Arthur P},
  year={2016},
  publisher={CRC Press}
}

@phdthesis{kingsbury,
  title={Optical communications for small satellites},
  author={Kingsbury, Ryan W},
  year={2015},
  school={Massachusetts Institute of Technology}
}

@misc{ochoa,
  title={Deployable helical antenna for nano-satellites},
  author={Ochoa, Daniel J and Marks, Geoffrey W and Rohweller, David J},
  year={2015},
  month=mar # "~3",
  publisher={Google Patents},
  note={US Patent 8,970,447}
}

@misc{nasa_cube,
    author={NASA},
    year={2017},
    title={Space-based optical communications with CubSats},
    url= {\url{https://ntrs.nasa.gov/archive/nasa/casi.ntrs.nasa.gov/20170003877.pdf}},
      note = {Accessed: 2018-01-19}
  }

@inproceedings{link,
  title={Mitigating the impact of clouds on optical communications},
  author={Link, Robert and Craddock, Mary Ellen and Alliss, Randall J},
  booktitle={Aerospace Conference, 2005 IEEE},
  pages={1258--1265},
  year={2005},
  organization={IEEE}
}